@article{falcao2009parallel,
  title={Parallel LDPC decoding on GPUs using a stream-based computing approach},
  author={Falc{\~a}o, Gabriel and Yamagiwa, Shinichi and Silva, Vitor and Sousa, Leonel},
  journal={Journal of computer science and technology},
  volume={24},
  number={5},
  pages={913--924},
  year={2009},
  publisher={Springer}
}
@article{falcao2011massively,
  title={Massively LDPC decoding on multicore architectures},
  author={Falcao, Gabriel and Sousa, Leonel and Silva, Vitor},
  journal={IEEE Transactions on Parallel and Distributed Systems},
  volume={22},
  number={2},
  pages={309--322},
  year={2011},
  publisher={IEEE}
}
@article{chung2001design,
  title={On the design of low-density parity-check codes within 0.0045 dB of the Shannon limit},
  author={Chung, Sae-Young and Forney, G David and Richardson, Thomas J and Urbanke, R{\"u}diger},
  journal={IEEE Communications letters},
  volume={5},
  number={2},
  pages={58--60},
  year={2001},
  publisher={IEEE}
}
@article{park2011parallel,
  title={Parallel LDPC decoding using CUDA and OpenMP},
  author={Park, Joo-Yul and Chung, Ki-Seok},
  journal={EURASIP Journal on Wireless Communications and Networking},
  volume={2011},
  number={1},
  pages={172},
  year={2011},
  publisher={Springer}
}
@article{tanner1981recursive,
  title={A recursive approach to low complexity codes},
  author={Tanner, R},
  journal={IEEE Transactions on information theory},
  volume={27},
  number={5},
  pages={533--547},
  year={1981},
  publisher={IEEE}
}
@article{etsi2009302,
  title={302 307 V1. 2.1 (2009-08)},
  author={ETSI, EN},
  journal={Digital video broadcasting (DVB)},
  pages={1--78},
  year={2009}
}
@article{pfister2005capacity,
  title={Capacity-achieving ensembles for the binary erasure channel with bounded complexity},
  author={Pfister, Henry D and Sason, Igal and Urbanke, Rudiger},
  journal={IEEE Transactions on Information Theory},
  volume={51},
  number={7},
  pages={2352--2379},
  year={2005},
  publisher={IEEE}
}

@article{ta2013tutorial,
  title={A Tutorial on Low Density Parity-Check Codes},
  author={Ta, Tuan},
  journal={the university of Texas at Austin},
  volume={4},
  year={2013}
}
@article{mackay1996near,
  title={Near Shannon limit performance of low density parity check codes},
  author={MacKay, David JC and Neal, Radford M},
  journal={Electronics letters},
  volume={32},
  number={18},
  pages={1645},
  year={1996},
  publisher={IET}
}
@article{gallager1962low,
  title={Low-density parity-check codes},
  author={Gallager, Robert},
  journal={IRE Transactions on information theory},
  volume={8},
  number={1},
  pages={21--28},
  year={1962},
  publisher={IEEE}
}
@article{forney1966generalized,
  title={Generalized minimum distance decoding},
  author={Forney, G},
  journal={IEEE Transactions on Information Theory},
  volume={12},
  number={2},
  pages={125--131},
  year={1966},
  publisher={IEEE}
}
@article{bruck1990hardness,
  title={The hardness of decoding linear codes with preprocessing},
  author={Bruck, Jehoshua and Naor, Moni},
  journal={IEEE Transactions on Information Theory},
  volume={36},
  number={2},
  pages={381--385},
  year={1990},
  publisher={IEEE}
}
@article{berlekamp1978inherent,
  title={On the inherent intractability of certain coding problems (Corresp.)},
  author={Berlekamp, Elwyn and McEliece, Robert and Van Tilborg, Henk},
  journal={IEEE Transactions on Information Theory},
  volume={24},
  number={3},
  pages={384--386},
  year={1978},
  publisher={IEEE}
}
@article{heyde2006central,
  title={Central limit theorem},
  author={Heyde, CC},
  journal={Encyclopedia of Actuarial Science},
  year={2006},
  publisher={Wiley Online Library}
}
@article{abrantes2004bcjr,
  title={From BCJR to turbo decoding: MAP algorithms made easier},
  author={Abrantes, Silvio A},
  year={2004}
}
@article{hagenauer1996iterative,
  title={Iterative decoding of binary block and convolutional codes},
  author={Hagenauer, Joachim and Offer, Elke and Papke, Lutz},
  journal={IEEE Transactions on information theory},
  volume={42},
  number={2},
  pages={429--445},
  year={1996},
  publisher={IEEE}
}
@article{shannon1948mathematical,
  title={A mathematical theory of communication, Part I, Part II},
  author={Shannon, Claude E},
  journal={Bell Syst. Tech. J.},
  volume={27},
  pages={623--656},
  year={1948}
}
@article{codes2009guest,
  title={Guest editorial capacity approaching codes},
  author={Codes, Capacity Approaching},
  journal={IEEE Journal on Selected Areas in Communications},
  volume={27},
  number={6},
  pages={825},
  year={2009}
}
@article{fedorenko1993decoding,
  title={Decoding complexity of linear block codes},
  author={Fedorenko, Sergei Valentinovich},
  journal={Problemy Peredachi Informatsii},
  volume={29},
  number={4},
  pages={18--23},
  year={1993},
  publisher={Russian Academy of Sciences, Branch of Informatics, Computer Equipment and Automatization}
}
@book{macwilliams1977theory,
  title={The theory of error-correcting codes},
  author={MacWilliams, Florence Jessie and Sloane, Neil James Alexander},
  year={1977},
  publisher={Elsevier}
}
@book{peterson1972error,
  title={Error-correcting codes},
  author={Peterson, William Wesley and Weldon, Edward J},
  year={1972},
  publisher={MIT press}
}
@book{proakis1994communication,
  title={Communication systems engineering},
  author={Proakis, John G and Salehi, Masoud and Zhou, Ning and Li, Xiaofeng},
  volume={2},
  year={1994},
  publisher={Prentice Hall New Jersey}
}
@book{rappaport1996wireless,
  title={Wireless communications: principles and practice},
  author={Rappaport, Theodore S and others},
  volume={2},
  year={1996},
  publisher={prentice hall PTR New Jersey}
}
@book{cover2012elements,
  title={Elements of information theory},
  author={Cover, Thomas M and Thomas, Joy A},
  year={2012},
  publisher={John Wiley \& Sons}
}
@book{richardson2008modern,
  title={Modern coding theory},
  author={Richardson, Tom and Urbanke, Ruediger},
  year={2008},
  publisher={Cambridge university press}
}
@book{lin2004error,
  title={Error control coding},
  author={Lin, Shu and Costello, Daniel J},
  edition={2},
  year={2004},
  publisher={Prentice Hall Englewood Cliffs}
}
@book{ryan2009channel,
  title={Channel codes: classical and modern},
  author={Ryan, William and Lin, Shu},
  year={2009},
  publisher={Cambridge University Press}
}
@book{johnson2009iterative,
  title={Iterative error correction: Turbo, low-density parity-check and repeat-accumulate codes},
  author={Johnson, Sarah J},
  year={2009},
  publisher={Cambridge University Press}
}
@inproceedings{divsalar1998coding,
  title={Coding theorems for" turbo-like" codes},
  author={Divsalar, Dariush and Jin, Hui and McEliece, Robert J},
  booktitle={Proceedings of the annual Allerton Conference on Communication control and Computing},
  volume={36},
  pages={201--210},
  year={1998},
  organization={UNIVERSITY OF ILLINOIS}
}
@inproceedings{berrou1993near,
  title={Near Shannon limit error-correcting coding and decoding: Turbo-codes. 1},
  author={Berrou, Claude and Glavieux, Alain and Thitimajshima, Punya},
  booktitle={Communications, 1993. ICC'93 Geneva. Technical Program, Conference Record, IEEE International Conference on},
  volume={2},
  pages={1064--1070},
  year={1993},
  organization={IEEE}
}
@inproceedings{hagenauer2003turbo,
  title={The turbo principle in joint source-channel coding},
  author={Hagenauer, Joachim and Gortz, Norbert},
  booktitle={Information Theory Workshop, 2003. Proceedings. 2003 IEEE},
  pages={275--278},
  year={2003},
  organization={IEEE}
}
@inproceedings{falcao2009gpus,
  title={How GPUs can outperform ASICs for fast LDPC decoding},
  author={Falc{\~a}o, Gabriel and Silva, Vitor and Sousa, Leonel},
  booktitle={Proceedings of the 23rd international conference on Supercomputing},
  pages={390--399},
  year={2009},
  organization={ACM}
}
@inproceedings{abburi2011scalable,
  title={A scalable LDPC decoder on GPU},
  author={Abburi, Kiran Kumar},
  booktitle={VLSI design (VLSI design), 2011 24th international conference on},
  pages={183--188},
  year={2011},
  organization={IEEE}
}